@misc{rodriguez:2019,
Author = {Álvaro Ibrain Rodríguez and Lara Lloret Iglesias},
Title = {Fake news detection using Deep Learning},
Year = {2019},
Eprint = {arXiv:1910.03496},
}

@article{thota:2018,
Author = {Aswini Thota and Priyanka Tilak and Simrat Ahluwalia and Nibrat Lohia},
Title = {Fake News Detection: A Deep Learning Approach},
Year = {2018},
Journal = {SMU Data Science Review},
Volume = {1},
Number = {3},
}

@misc{monti:2019,
Author = {Federico Monti and Fabrizio Frasca and Davide Eynard and Damon Mannion and Michael M. Bronstein},
Title = {Fake News Detection on Social Media using Geometric Deep Learning},
Year = {2019},
Eprint = {arXiv:1902.06673},
}


@INPROCEEDINGS{girgis:2018,
  author={S. {Girgis} and E. {Amer} and M. {Gadallah}},
  booktitle={2018 13th International Conference on Computer Engineering and Systems (ICCES)}, 
  title={Deep Learning Algorithms for Detecting Fake News in Online Text}, 
  year={2018},
  volume={},
  number={},
  pages={93-97},
  doi={10.1109/ICCES.2018.8639198}}
  
  
@misc{popat:2018,
Author = {Kashyap Popat and Subhabrata Mukherjee and Andrew Yates and Gerhard Weikum},
Title = {DeClarE: Debunking Fake News and False Claims using Evidence-Aware Deep Learning},
Year = {2018},
Eprint = {arXiv:1809.06416},
}

@article{saikh:2020,
Author = {Tanik Saikh and Arkadipta De and Asif Ekbal and Pushpak Bhattacharyya},
Title = {A Deep Learning Approach for Automatic Detection of Fake News},
Year = {2020},
Eprint = {arXiv:2005.04938},
Howpublished = {Proceedings of the 16th International Conference on Natural
  Language Processing (ICON 2019)},
}


@InProceedings{singhania:2017,
author="Singhania, Sneha
and Fernandez, Nigel
and Rao, Shrisha",
editor="Liu, Derong
and Xie, Shengli
and Li, Yuanqing
and Zhao, Dongbin
and El-Alfy, El-Sayed M.",
title="3HAN: A Deep Neural Network for Fake News Detection",
booktitle="Neural Information Processing",
year="2017",
publisher="Springer International Publishing",
address="Cham",
pages="572--581",
isbn="978-3-319-70096-0"
}

@INPROCEEDINGS{qawasmeh:2019,  author={E. {Qawasmeh} and M. {Tawalbeh} and M. {Abdullah}},  booktitle={2019 Sixth International Conference on Social Networks Analysis, Management and Security (SNAMS)},   title={Automatic Identification of Fake News Using Deep Learning},   year={2019},  volume={},  number={},  pages={383-388},  doi={10.1109/SNAMS.2019.8931873}}

@INPROCEEDINGS{abedalla:2019,
author = {Ayat  Abedalla, Aisha Al-Sadi, Malak Abdullah},
title = {A Closer Look at Fake News Detection: A Deep Learning Perspective},
booktitle={ICAAI 2019: Proceedings of the 2019 3rd International Conference on Advances in Artificial Intelligence},
year = {2019},
pages = {24-28},
}

@article{kumar:2020,
author = {Kumar, Sachin and Asthana, Rohan and Upadhyay, Shashwat and Upreti, Nidhi and Akbar, Mohammad},
title = {Fake news detection using deep learning models: A novel approach},
journal = {Transactions on Emerging Telecommunications Technologies},
volume = {31},
number = {2},
pages = {e3767},
doi = {https://doi.org/10.1002/ett.3767},
url = {https://onlinelibrary.wiley.com/doi/abs/10.1002/ett.3767},
eprint = {https://onlinelibrary.wiley.com/doi/pdf/10.1002/ett.3767},
note = {e3767 ETT-19-0216.R1},
year = {2020}
}

@misc{zellers:2019,
Author = {Rowan Zellers and Ari Holtzman and Hannah Rashkin and Yonatan Bisk and Ali Farhadi and Franziska Roesner and Yejin Choi},
Title = {Defending Against Neural Fake News},
Year = {2019},
Eprint = {arXiv:1905.12616},
}

@article{zhou:2019,
Author = {Zhixuan Zhou and Huankang Guan and Meghana Moorthy Bhat and Justin Hsu},
Title = {Fake News Detection via NLP is Vulnerable to Adversarial Attacks},
Year = {2019},
Eprint = {arXiv:1901.09657},
Doi = {10.5220/0007566307940800},
}


@INPROCEEDINGS{oshikawa:2020,
Author = {Ray Oshikawa and Jing Qian and William Yang Wang},
Title = {A Survey on Natural Language Processing for Fake News Detection},
booktitle={Proceedings of the 12th Conference on Language Resources and Evaluation (LREC 2020)},
year = {2020},
pages = {6086–6093},  
}

@misc{bhatt:2017,
Author = {Gaurav Bhatt and Aman Sharma and Shivam Sharma and Ankush Nagpal and Balasubramanian Raman and Ankush Mittal},
Title = {On the Benefit of Combining Neural, Statistical and External Features for Fake News Identification},
Year = {2017},
Eprint = {arXiv:1712.03935},
}

@misc{guo:2019,
Author = {Bin Guo and Hao Wang and Yasan Ding and Wei Wu and Shaoyang Hao and Yueqi Sun and Zhiwen Yu},
Title = {Conditional Text Generation for Harmonious Human-Machine Interaction},
Year = {2019},
Eprint = {arXiv:1909.03409},
}